@ARTICLE{yang2004distance, 
author={Li Yang}, 
journal="{IEEE} Trans. Pattern Anal. Mach. Intell.", 
title={Distance-preserving projection of high-dimensional data for nonlinear dimensionality reduction}, 
year={2004}, 
volume={26}, 
number={9}, 
pages={1243-1246}, 
keywords={data analysis;pattern clustering;tree data structures;data projection;distance preserving projection;high dimensional data mapping;intrinsic data dimensionality;low dimensional space;nonlinear dimensionality reduction;pattern clustering;Geophysics computing;Humans;Indexing;Machine learning;Nearest neighbor searches;Partitioning algorithms;Pattern analysis;Pattern recognition;Principal component analysis;Visual perception;Index Terms- Pattern recognition;feature evaluation and selection;pattern analysis.;statistical;Algorithms;Artificial Intelligence;Cluster Analysis;Data Compression;Face;Handwriting;Humans;Image Enhancement;Image Interpretation, Computer-Assisted;Nonlinear Dynamics;Pattern Recognition, Automated}, 
doi={10.1109/TPAMI.2004.66}, 
ISSN={0162-8828}, 
month={Sept},}

@ARTICLE{sammon1969nonlinear, 
author={J. W. Sammon}, 
journal="{IEEE} Trans. Comput.", 
title={A Nonlinear Mapping for Data Structure Analysis}, 
year={1969}, 
volume={C-18}, 
number={5}, 
pages={401-409}, 
keywords={Clustering, dimensionality reduction, mappings, multidimensional scaling, multivariate data analysis, nonparametric, pattern recognition, statistics.;Algorithm design and analysis;Computer errors;Data analysis;Data structures;Euclidean distance;Helium;Multidimensional systems;Pattern recognition;Testing;Vectors;Clustering, dimensionality reduction, mappings, multidimensional scaling, multivariate data analysis, nonparametric, pattern recognition, statistics.}, 
doi={10.1109/T-C.1969.222678}, 
ISSN={0018-9340}, 
month={May},}