@online{nyctlc,
  author={NYC Taxi \& Limousine Commission},
  title={{NYC TLC Trip Data}},
  url={http://www.nyc.gov/html/tlc/html/about/trip\_record\_data.shtml},
  year={2016}
}

@online{nyc2010nta,
  author={Department of City Planning, NYC},
  title={{Neighborhood Tabulation Areas}},
  url={https://data.cityofnewyork.us/City-Government/Neighborhood-Tabulation-Areas/cpf4-rkhq},
  year={2014}
}

@online{nyc2010ct,
  author={Department of City Planning, NYC},
  title={{Census Tracts}},
  url={https://data.cityofnewyork.us/City-Government/2010-Census-Tracts/fxpq-c8ku},
  year={2014}
}

@article{r2,
  author={N. J. D. Nagelkerke},
  title={{A Note on a General Definition of the Coefficient of Determination}},
  journal={Biometrika, Vol. 78, No. 3. (Sep., 1991), pp. 691-692.},
  year={2008}
}

@online{schneider2015analyzing,
  author={Todd W. Schneider},
  title={{Analyzing 1.1 Billion NYC Taxi and Uber Trips, with a Vengeance}},
  url={http://toddwschneider.com/posts/analyzing-1-1-billion-nyc-taxi-and-uber-trips-with-a-vengeance/},
  year={2015}
}

@online{weather,
  author={National Weather Service},
  title={{NOAA Online Weather Data- New York}},
  url={http://w2.weather.gov/climate/xmacis.php?wfo=okx},
  year={2016}
}

@online{noaadatatool,
  author={{National Oceanic And Atmospheric Administration (NOAA)}},
  title={{Data Tools: Find a Station}},
  url={http://www.ncdc.noaa.gov/cdo-web/datatools/findstation}
}

@online{mit2013bigdata,
  author={{MIT Computer Science and Artificial Intelligence Lab (CSAIL)}},
  title={{MIT Big Data Challenge}},
  url={http://bigdata.csail.mit.edu/challenge}
}

@online{didi2016algorithm,
  author={{Didi Research Institute}},
  title={{Di-Tech Challenge}},
  url={http://research.xiaojukeji.com/competition/}
}

@article{grinberg2014predicting,
  title={Predicting Taxi Pickups in New York City},
  author={Josh Grinberg and Arzav Jain and Vivek Choksi},
  journal={Final Paper for CS221 Artificial Intelligence, Computer Science Department, Stanford University},
  year={2014},
}

@online{quora_difference,
  author={{Quora}},
  title={{What is the difference between Green Cabs and Yellow Cabs?}},
  url={https://www.quora.com/What-is-the-difference-between-Green-Cabs-and-Yellow-Cabs}
}

@inproceedings{Yuan:2012:DRD:2339530.2339561,
 author = {Yuan, Jing and Zheng, Yu and Xie, Xing},
 title = {Discovering Regions of Different Functions in a City Using Human Mobility and POIs},
 booktitle = {Proceedings of the 18th ACM SIGKDD International Conference on Knowledge Discovery and Data Mining},
 series = {KDD '12},
 year = {2012},
 isbn = {978-1-4503-1462-6},
 location = {Beijing, China},
 pages = {186--194},
 numpages = {9},
 url = {http://doi.acm.org/10.1145/2339530.2339561},
 doi = {10.1145/2339530.2339561},
 acmid = {2339561},
 publisher = {ACM},
 address = {New York, NY, USA},
 keywords = {functional regions, human mobility, taxi trajectories, urban computing},
} 

@article{von2007tutorial,
  title={A tutorial on spectral clustering},
  author={Von Luxburg, Ulrike},
  journal={Statistics and computing},
  volume={17},
  number={4},
  pages={395--416},
  year={2007},
  publisher={Springer}
}